@article{lazer2009computational,
  title={Computational social science},
  author={Lazer, David and Pentland, Alex and Adamic, Lada and Aral, Sinan and Barab{\'a}si, Albert-L{\'a}szl{\'o} and Brewer, Devon and Christakis, Nicholas and Contractor, Noshir and Fowler, James and Gutmann, Myron and others},
  journal={Science},
  volume={323},
  number={5915},
  pages={721--723},
  year={2009},
  publisher={American Association for the Advancement of Science}
}
@article{lazer2021meaningful,
  title={Meaningful measures of human society in the twenty-first century},
  author={Lazer, David and Hargittai, Eszter and Freelon, Deen and Gonzalez-Bailon, Sandra and Munger, Kevin and Ognyanova, Katherine and Radford, Jason},
  journal={Nature},
  volume={595},
  number={7866},
  pages={189--196},
  year={2021},
  publisher={Nature Publishing Group}
}

@article{dodds2015human,
  title={Human language reveals a universal positivity bias},
  author={Dodds, Peter Sheridan and Clark, Eric M and Desu, Suma and Frank, Morgan R and Reagan, Andrew J and Williams, Jake Ryland and Mitchell, Lewis and Harris, Kameron Decker and Kloumann, Isabel M and Bagrow, James P and others},
  journal={Proceedings of the national academy of sciences},
  volume={112},
  number={8},
  pages={2389--2394},
  year={2015},
  publisher={National Acad Sciences}
}

@article{mikolov2013efficient,
  title={Efficient estimation of word representations in vector space},
  author={Mikolov, Tomas and Chen, Kai and Corrado, Greg and Dean, Jeffrey},
  journal={arXiv preprint arXiv:1301.3781},
  year={2013}
}
@inproceedings{pennington2014glove,
  title={Glove: Global vectors for word representation},
  author={Pennington, Jeffrey and Socher, Richard and Manning, Christopher D},
  booktitle={Proceedings of the 2014 conference on empirical methods in natural language processing (EMNLP)},
  pages={1532--1543},
  year={2014}
}
@InProceedings{joulin2017bag,
  title={Bag of Tricks for Efficient Text Classification},
  author={Joulin, Armand and Grave, Edouard and Bojanowski, Piotr and Mikolov, Tomas},
  booktitle={Proceedings of the 15th Conference of the European Chapter of the Association for Computational Linguistics: Volume 2, Short Papers},
  month={April},
  year={2017},
  publisher={Association for Computational Linguistics},
  pages={427--431},
}

@inproceedings{reimers-2019-sentence-bert,
  title = "Sentence-BERT: Sentence Embeddings using Siamese BERT-Networks",
  author = "Reimers, Nils and Gurevych, Iryna",
  booktitle = "Proceedings of the 2019 Conference on Empirical Methods in Natural Language Processing",
  month = "11",
  year = "2019",
  publisher = "Association for Computational Linguistics",
  url = "https://arxiv.org/abs/1908.10084",
}
@inproceedings{wolf2020transformers,
  title={Transformers: State-of-the-art natural language processing},
  author={Wolf, Thomas and Debut, Lysandre and Sanh, Victor and Chaumond, Julien and Delangue, Clement and Moi, Anthony and Cistac, Pierric and Rault, Tim and Louf, R{\'e}mi and Funtowicz, Morgan and others},
  booktitle={Proceedings of the 2020 conference on empirical methods in natural language processing: system demonstrations},
  pages={38--45},
  year={2020}
}
@article{vaswani2017attention,
  title={Attention is all you need},
  author={Vaswani, Ashish and Shazeer, Noam and Parmar, Niki and Uszkoreit, Jakob and Jones, Llion and Gomez, Aidan N and Kaiser, {\L}ukasz and Polosukhin, Illia},
  journal={Advances in neural information processing systems},
  volume={30},
  year={2017}
}

@article{mcinnes2018umap,
  title={Umap: Uniform manifold approximation and projection for dimension reduction},
  author={McInnes, Leland and Healy, John and Melville, James},
  journal={arXiv preprint arXiv:1802.03426},
  year={2018}
}


%% section on keywords

@article{stupinski2022quantifying,
  title={Quantifying Changes in the Language Used Around Mental Health on Twitter Over 10 Years: Observational Study},
  author={Stupinski, Anne Marie and Alshaabi, Thayer and Arnold, Michael V and Adams, Jane Lydia and Minot, Joshua R and Price, Matthew and Dodds, Peter Sheridan and Danforth, Christopher M},
  journal={JMIR mental health},
  volume={9},
  number={3},
  pages={e33685},
  year={2022},
  publisher={JMIR Publications Inc., Toronto, Canada}
}

@article{dodds2021computational,
  title={Computational timeline reconstruction of the stories surrounding Trump: Story turbulence, narrative control, and collective chronopathy},
  author={Dodds, Peter Sheridan and Minot, Joshua R and Arnold, Michael V and Alshaabi, Thayer and Adams, Jane Lydia and Reagan, Andrew J and Danforth, Christopher M},
  journal={PloS one},
  volume={16},
  number={12},
  pages={e0260592},
  year={2021},
  publisher={Public Library of Science San Francisco, CA USA}
}
@article{li2021blending,
  title={Blending search queries with social media data to improve forecasts of economic indicators},
  author={Li, Yi and Ahani, Asieh and Zhan, Haimao and Foley, Kevin and Alshaabi, Thayer and Linnell, Kelsey and Dodds, Peter Sheridan and Danforth, Christopher M and Fox, Adam},
  journal={arXiv preprint arXiv:2107.06096},
  year={2021}
}


@article{arnold2021hurricanes,
  title={Hurricanes and hashtags: Characterizing online collective attention for natural disasters},
  author={Arnold, Michael V and Dewhurst, David Rushing and Alshaabi, Thayer and Minot, Joshua R and Adams, Jane L and Danforth, Christopher M and Dodds, Peter Sheridan},
  journal={PLoS one},
  volume={16},
  number={5},
  pages={e0251762},
  year={2021},
  publisher={Public Library of Science San Francisco, CA USA}
}

@article{cody2017transitions,
  title={Transitions in climate and energy discourse between Hurricanes Katrina and Sandy},
  author={Cody, Emily M and Stephens, Jennie C and Bagrow, James P and Dodds, Peter Sheridan and Danforth, Christopher M},
  journal={Journal of Environmental Studies and Sciences},
  volume={7},
  number={1},
  pages={87--101},
  year={2017},
  publisher={Springer}
}

@article{cody2015climate,
  title={Climate change sentiment on Twitter: An unsolicited public opinion poll},
  author={Cody, Emily M and Reagan, Andrew J and Mitchell, Lewis and Dodds, Peter Sheridan and Danforth, Christopher M},
  journal={PloS one},
  volume={10},
  number={8},
  pages={e0136092},
  year={2015},
  publisher={Public Library of Science San Francisco, CA USA}
}
% algorithmic selection of documents
@article{alshaabi2021world,
  title={How the worldâ€™s collective attention is being paid to a pandemic: COVID-19 related n-gram time series for 24 languages on Twitter},
  author={Alshaabi, Thayer and Arnold, Michael V and Minot, Joshua R and Adams, Jane Lydia and Dewhurst, David Rushing and Reagan, Andrew J and Muhamad, Roby and Danforth, Christopher M and Dodds, Peter Sheridan},
  journal={Plos one},
  volume={16},
  number={1},
  pages={e0244476},
  year={2021},
  publisher={Public Library of Science San Francisco, CA USA}
}
@article{dodds2020allotaxonometry,
  title={Allotaxonometry and rank-turbulence divergence: A universal instrument for comparing complex systems},
  author={Dodds, Peter Sheridan and Minot, Joshua R and Arnold, Michael V and Alshaabi, Thayer and Adams, Jane Lydia and Dewhurst, David Rushing and Gray, Tyler J and Frank, Morgan R and Reagan, Andrew J and Danforth, Christopher M},
  journal={arXiv preprint arXiv:2002.09770},
  year={2020}
}
@inproceedings{minot2022distinguishing,
  title={Distinguishing In-Groups and Onlookers by Language Use},
  author={Minot, Joshua and Trujillo, Milo and Rosenblatt, Samuel and De Anda-J{\'a}uregui, Guillermo and Moog, Emily and Roth, Allison M and Samson, Briane Paul and H{\'e}bert-Dufresne, Laurent},
  booktitle={Proceedings of the 12th Workshop on Computational Approaches to Subjectivity, Sentiment \& Social Media Analysis},
  pages={157--171},
  year={2022}
}

% hashtag cites
@article{freelon2016beyond,
  title={Beyond the hashtags:\# Ferguson,\# Blacklivesmatter, and the online struggle for offline justice},
  author={Freelon, Deen and McIlwain, Charlton D and Clark, Meredith},
  journal={Center for Media \& Social Impact, American University, Forthcoming},
  year={2016}
}
@book{jackson2020hashtagactivism,
  title={\# HashtagActivism: Networks of race and gender justice},
  author={Jackson, Sarah J and Bailey, Moya and Welles, Brooke Foucault},
  year={2020},
  publisher={Mit Press}
}
@article{steinert2015online,
  title={Online social networks and offline protest},
  author={Steinert-Threlkeld, Zachary C and Mocanu, Delia and Vespignani, Alessandro and Fowler, James},
  journal={EPJ Data Science},
  volume={4},
  number={1},
  pages={1--9},
  year={2015},
  publisher={SpringerOpen}
}
@article{gallagher2019reclaiming,
  title={Reclaiming stigmatized narratives: The networked disclosure landscape of\# MeToo},
  author={Gallagher, Ryan J and Stowell, Elizabeth and Parker, Andrea G and Foucault Welles, Brooke},
  journal={Proceedings of the ACM on Human-Computer Interaction},
  volume={3},
  number={CSCW},
  pages={1--30},
  year={2019},
  publisher={ACM New York, NY, USA}
}
@article{gallagher2018divergent,
  title={Divergent discourse between protests and counter-protests:\# BlackLivesMatter and\# AllLivesMatter},
  author={Gallagher, Ryan J and Reagan, Andrew J and Danforth, Christopher M and Dodds, Peter Sheridan},
  journal={PloS one},
  volume={13},
  number={4},
  pages={e0195644},
  year={2018},
  publisher={Public Library of Science San Francisco, CA USA}
}
@article{gorodnichenko2021social,
  title={Social media, sentiment and public opinions: Evidence from\# Brexit and\# USElection},
  author={Gorodnichenko, Yuriy and Pham, Tho and Talavera, Oleksandr},
  journal={European Economic Review},
  volume={136},
  pages={103772},
  year={2021},
  publisher={Elsevier}
}
@article{blaszka2012worldseries,
  title={\# WorldSeries: An empirical examination of a Twitter hashtag during a major sporting event},
  author={Blaszka, Matthew and Burch, Lauren M and Frederick, Evan L and Clavio, Galen and Walsh, Patrick},
  journal={International Journal of Sport Communication},
  volume={5},
  number={4},
  pages={435--453},
  year={2012},
  publisher={Human Kinetics, Inc.}
}
@article{lotan2011arab,
  title={The Arab Spring| the revolutions were tweeted: Information flows during the 2011 Tunisian and Egyptian revolutions},
  author={Lotan, Gilad and Graeff, Erhardt and Ananny, Mike and Gaffney, Devin and Pearce, Ian and others},
  journal={International journal of communication},
  volume={5},
  pages={31},
  year={2011}
}
@article{choi2014south,
  title={South Korean culture goes Latin America: Social network analysis of Kpop tweets in Mexico},
  author={Choi, Seong Cheol and Meza, Xanat Vargas and Park, Han Woo},
  journal={International Journal of Contents},
  volume={10},
  number={1},
  pages={36--42},
  year={2014},
  publisher={The Korea Contents Association}
}

%% Shugars + cites
@article{shugars2021pandemics,
  title={Pandemics, protests, and publics: Demographic activity and engagement on Twitter in 2020},
  author={Shugars, Sarah and Gitomer, Adina and McCabe, Stefan and Gallagher, Ryan J and Joseph, Kenneth and Grinberg, Nir and Doroshenko, Larissa and Welles, Brooke Foucault and Lazer, David},
  journal={Journal of Quantitative Description: Digital Media},
  volume={1},
  year={2021}
}
@article{chen2020tracking,
  title={Tracking social media discourse about the covid-19 pandemic: Development of a public coronavirus twitter data set},
  author={Chen, Emily and Lerman, Kristina and Ferrara, Emilio and others},
  journal={JMIR public health and surveillance},
  volume={6},
  number={2},
  pages={e19273},
  year={2020},
  publisher={JMIR Publications Inc., Toronto, Canada}
}
 @misc{twitter_2020,
 title={COVID-19 stream},
 url={https://developer.twitter.com/en/docs/twitter-api/tweets/covid-19-stream/filtering-rules},
 journal={Twitter},
 publisher={Twitter},
 year={2020},
 month={May}} 
@article{green2020elusive,
  title={Elusive consensus: Polarization in elite communication on the COVID-19 pandemic},
  author={Green, Jon and Edgerton, Jared and Naftel, Daniel and Shoub, Kelsey and Cranmer, Skyler J},
  journal={Science advances},
  volume={6},
  number={28},
  pages={eabc2717},
  year={2020},
  publisher={American Association for the Advancement of Science}
}
@article{olteanu2019social,
  title={Social data: Biases, methodological pitfalls, and ethical boundaries},
  author={Olteanu, Alexandra and Castillo, Carlos and Diaz, Fernando and K{\i}c{\i}man, Emre},
  journal={Frontiers in Big Data},
  volume={2},
  pages={13},
  year={2019},
  publisher={Frontiers Media SA}
}

% keyword queries
@article{nowak2020comparing,
  title={Comparing covariation among vaccine hesitancy and broader beliefs within Twitter and survey data},
  author={Nowak, Sarah A and Chen, Christine and Parker, Andrew M and Gidengil, Courtney A and Matthews, Luke J},
  journal={PloS one},
  volume={15},
  number={10},
  pages={e0239826},
  year={2020},
  publisher={Public Library of Science San Francisco, CA USA}
}

@article{wang2020generalizing,
  title={Generalizing from a few examples: A survey on few-shot learning},
  author={Wang, Yaqing and Yao, Quanming and Kwok, James T and Ni, Lionel M},
  journal={ACM computing surveys (csur)},
  volume={53},
  number={3},
  pages={1--34},
  year={2020},
  publisher={ACM New York, NY, USA}
}

% renewable energy and social media
@article{kim2020exploring,
  title={Exploring public perceptions of renewable energy: Evidence from a word network model in social network services},
  author={Kim, Jisu and Jeong, Dahye and Choi, Daejin and Park, Eunil},
  journal={Energy Strategy Reviews},
  volume={32},
  pages={100552},
  year={2020},
  publisher={Elsevier}
}
@article{jain2019sentiment,
  title={Sentiment classification of twitter data belonging to renewable energy using machine learning},
  author={Jain, Achin and Jain, Vanita},
  journal={Journal of information and optimization sciences},
  volume={40},
  number={2},
  pages={521--533},
  year={2019},
  publisher={Taylor \& Francis}
}
@article{antypas2022twitter,
  title={Twitter Topic Classification},
  author={Antypas, Dimosthenis and Ushio, Asahi and Camacho-Collados, Jose and Neves, Leonardo and Silva, V{\'\i}tor and Barbieri, Francesco},
  journal={arXiv preprint arXiv:2209.09824},
  year={2022}
}
@inproceedings{quercia2012tweetlda,
  title={Tweetlda: supervised topic classification and link prediction in twitter},
  author={Quercia, Daniele and Askham, Harry and Crowcroft, Jon},
  booktitle={Proceedings of the 4th Annual ACM Web Science Conference},
  pages={247--250},
  year={2012}
}


@article{yan2018few,
  title={Few-shot learning for short text classification},
  author={Yan, Leiming and Zheng, Yuhui and Cao, Jie},
  journal={Multimedia Tools and Applications},
  volume={77},
  number={22},
  pages={29799--29810},
  year={2018},
  publisher={Springer}
}

@article{gao2021limitations,
  title={Limitations of transformers on clinical text classification},
  author={Gao, Shang and Alawad, Mohammed and Young, M Todd and Gounley, John and Schaefferkoetter, Noah and Yoon, Hong Jun and Wu, Xiao-Cheng and Durbin, Eric B and Doherty, Jennifer and Stroup, Antoinette and others},
  journal={IEEE journal of biomedical and health informatics},
  volume={25},
  number={9},
  pages={3596--3607},
  year={2021},
  publisher={IEEE}
}
@inproceedings{chang2020taming,
  title={Taming pretrained transformers for extreme multi-label text classification},
  author={Chang, Wei-Cheng and Yu, Hsiang-Fu and Zhong, Kai and Yang, Yiming and Dhillon, Inderjit S},
  booktitle={Proceedings of the 26th ACM SIGKDD international conference on knowledge discovery \& data mining},
  pages={3163--3171},
  year={2020}
}